@misc{ieee2021standard,
    author       = {{IEEE}},
    title        = {IEEE Standard for DevOps: Building Reliable and Secure Systems Including Application Build, Package, and Deployment},
    year         = {2021},
    month        = apr,
    howpublished = {IEEE Standard},
    url          = {https://ieeexplore.ieee.org/document/9415476}
}

@inproceedings{aidoart2021,
    title        = {AIDOaRt: AI-augmented Automation for DevOps, a Model-based Framework for Continuous Development in Cyber-Physical Systems},
    year         = {2021},
    month        = sep,
    booktitle    = {IEEE Conference Publication},
    publisher    = {IEEE},
    url          = {https://ieeexplore.ieee.org/document/9556443}
}

@inproceedings{devopsIoT2022,
    title        = {Challenges of Adopting DevOps Culture on the Internet of Things Applications - A Solution Model},
    year         = {2022},
    month        = oct,
    booktitle    = {IEEE Conference Publication},
    publisher    = {IEEE},
    url          = {https://ieeexplore.ieee.org/document/9988182}
}

@inproceedings{gitopsIoT2022,
    title        = {Continuous Deployment in IoT Edge Computing: A GitOps implementation},
    year         = {2022},
    month        = jun,
    booktitle    = {IEEE Conference Publication},
    publisher    = {IEEE},
    url          = {https://ieeexplore.ieee.org/document/9820108}
}

@inproceedings{devopsAdoptionSLR2024,
    title        = {DevOps Adoption in Software Development Organizations: A Systematic Literature Review},
    year         = {2024},
    month        = feb,
    booktitle    = {IEEE Conference Publication},
    publisher    = {IEEE},
    url          = {https://ieeexplore.ieee.org/document/10499789}
}

@inproceedings{devsecopsFinance2024,
    title        = {DevSecOps in Finance: Strengthening the Security Model of Applications},
    year         = {2024},
    month        = mar,
    booktitle    = {IEEE Conference Publication},
    publisher    = {IEEE},
    url          = {https://ieeexplore.ieee.org/document/10502917}
}

@inproceedings{gitopsCI2024,
    title        = {Efficient Application Deployment: GitOps for Faster and Secure CI/CD Cycles},
    year         = {2024},
    month        = may,
    booktitle    = {IEEE Conference Publication},
    publisher    = {IEEE},
    url          = {https://ieeexplore.ieee.org/document/10582118}
}

@article{ciExperience2020,
    title        = {Overcoming Challenges With Continuous Integration and Deployment Pipelines: An Experience Report From a Small Company},
    year         = {2020},
    month        = jun,
    journal      = {IEEE Journals \& Magazine},
    publisher    = {IEEE},
    url          = {https://ieeexplore.ieee.org/document/8866741}
}

@inproceedings{tosca2014,
    title        = {Standards-Based DevOps Automation and Integration Using TOSCA},
    year         = {2014},
    month        = dec,
    booktitle    = {IEEE Conference Publication},
    publisher    = {IEEE},
    url          = {https://ieeexplore.ieee.org/document/7027481}
}

@inproceedings{devopsRefArch2020,
    title        = {The DevOps Reference Architecture Evaluation: A Design Science Research Case Study},
    year         = {2020},
    month        = aug,
    booktitle    = {IEEE Conference Publication},
    publisher    = {IEEE},
    url          = {https://ieeexplore.ieee.org/document/9192390}
}

@online{nivelics2023,
    author       = {{Nivelics}},
    title        = {¿Qué es DevOps y por qué es importante?},
    year         = {2023},
    month        = sep,
    day          = {6},
    organization = {Nivelics},
    url          = {https://www.nivelics.com/blog/que-es-devops?utm_source=chatgpt.com}
}

